@inproceedings{rachel_bittner_2019_3527750,
    author       = {Rachel Bittner and
                  Magdalena Fuentes and
                  David Rubinstein and
                  Andreas Jansson and
                  Keunwoo Choi and
                  Thor Kell},
    title        = {{mirdata: Software for Reproducible Usage of 
                   Datasets}},
    booktitle    = {{Proceedings of the 20th International Society for 
                   Music Information Retrieval Conference}},
    year         = 2019,
    pages        = {99-106},
    publisher    = {ISMIR},
    address      = {Delft, The Netherlands},
    month        = nov,
    venue        = {Delft, The Netherlands},
    doi          = {10.5281/zenodo.3527750},
    url          = {https://doi.org/10.5281/zenodo.3527750}
}

@dataset{bosch_j_2016_1289786,
  author       = {Bosch, J. and
                  Gomez, E.},
  title        = {{ORCHSET: a dataset for melody extraction in 
                   symphonic music recordings}},
  month        = apr,
  year         = 2016,
  publisher    = {Zenodo},
  version      = {1.0},
  doi          = {10.5281/zenodo.1289786},
  url          = {https://doi.org/10.5281/zenodo.1289786}
}

@inproceedings{colin_raffel_2014_1416528,
  author       = {Colin Raffel and
                  Brian McFee and
                  Eric J. Humphrey and
                  Justin Salamon and
                  Oriol Nieto and
                  Dawen Liang and
                  Daniel P. W. Ellis},
  title        = {{MIR\_EVAL: A Transparent Implementation of Common 
                   MIR Metrics.}},
  booktitle    = {{Proceedings of the 15th International Society for 
                   Music Information Retrieval Conference}},
  year         = 2014,
  pages        = {367-372},
  publisher    = {ISMIR},
  address      = {Taipei, Taiwan},
  month        = oct,
  venue        = {Taipei, Taiwan},
  doi          = {10.5281/zenodo.1416528},
  url          = {https://doi.org/10.5281/zenodo.1416528}
}

@inproceedings{jordan_lenchitz_2021_5624645,
  author       = {Jordan Lenchitz},
  title        = {Reconsidering quantization in MIR},
  booktitle    = {{Proceedings of the 22nd International Society for 
                   Music Information Retrieval Conference}},
  year         = 2021,
  pages        = {374-380},
  publisher    = {ISMIR},
  address      = {Online},
  month        = nov,
  venue        = {Online},
  doi          = {10.5281/zenodo.5624645},
  url          = {https://doi.org/10.5281/zenodo.5624645}
}

@misc{international_society_for_music_informat_2021_5776687,
  author       = {International Society for Music Information Retrieval},
  title        = {{Proceedings of the 22nd International Society for 
                   Music Information Retrieval Conference}},
  month        = nov,
  year         = 2021,
  publisher    = {{International Society for Music Information 
                   Retrieval}},
  doi          = {10.5281/zenodo.5776687},
  url          = {https://doi.org/10.5281/zenodo.5776687}
}

@inproceedings{roger_b_dannenberg_2001_1418263,
  author       = {Roger B. Dannenberg},
  title        = {{Music Information Retrieval as Music 
                   Understanding.}},
  booktitle    = {{Proceedings of the 2nd International Symposium on 
                   Music Information Retrieval}},
  year         = 2001,
  publisher    = {ISMIR},
  address      = {Bloomington, United States},
  month        = oct,
  venue        = {Bloomington, United States},
  doi          = {10.5281/zenodo.1418263},
  url          = {https://doi.org/10.5281/zenodo.1418263}
}

@inproceedings{dmitry_bogdanov_2013_1415016,
  author       = {Dmitry Bogdanov and
                  Nicolas Wack and
                  Emilia Gómez and
                  Sankalp Gulati and
                  Perfecto Herrera and
                  Oscar Mayor and
                  Gerard Roma and
                  Justin Salamon and
                  José R. Zapata and
                  Xavier Serra},
  title        = {{Essentia: An Audio Analysis Library for Music 
                   Information Retrieval.}},
  booktitle    = {{Proceedings of the 14th International Society for 
                   Music Information Retrieval Conference}},
  year         = 2013,
  pages        = {493-498},
  publisher    = {ISMIR},
  address      = {Curitiba, Brazil},
  month        = nov,
  venue        = {Curitiba, Brazil},
  doi          = {10.5281/zenodo.1415016},
  url          = {https://doi.org/10.5281/zenodo.1415016}
}

@software{j_salamon_2012_1289780,
  author       = {J. Salamon and
                  E. Gómez},
  title        = {MELODIA - Melody Extraction vamp plug-in},
  month        = sep,
  year         = 2012,
  publisher    = {Zenodo},
  version      = {1.0},
  doi          = {10.5281/zenodo.1289780},
  url          = {https://doi.org/10.5281/zenodo.1289780}
}
